@misc{iso25010,
    author = {ISO},
    title = {Systems and software engineering -- {Systems} and software {Quality Requirements and Evaluation (SQuaRE)} -- {System} and software quality models},
    howpublished = "\url{http://iso25000.com/index.php/en/iso-25000-standards/iso-25010}",
    year = {2011},
}
@misc{dockerdef,
    author = {Maureen O\'Gara},
    title = {Ben Golub, Who Sold Gluster to Red Hat, Now Running dotCloud},
    howpublished = "\url{http://maureenogara.sys-con.com/node/2747331}",
    year = {2013},
    note = "[Online; accessed 13-December-2015]"
}
@misc{dockerrepo,
    author = {GitHub},
    title = {Docker - the open-source application container engine},
    howpublished = "\url{https://github.com/docker/docker}",
    year = {2015}, 
    note = "[Online; accessed 13-April-2015]"
}
@incollection{idapo,
    year={2011},
    isbn={978-3-642-23797-3},
    booktitle={Software Architecture},
    volume={6903},
    series={Lecture Notes in Computer Science},
    editor={Crnkovic, Ivica and Gruhn, Volker and Book, Matthias},
    doi={10.1007/978-3-642-23798-0_15},
    title={Design and Evaluation of a Process for Identifying Architecture Patterns in Open Source Software},
    url={http://dx.doi.org/10.1007/978-3-642-23798-0_15},
    publisher={Springer Berlin Heidelberg},
    keywords={architecture patterns; quality attributes; open source software; empirical evaluation; quasi-experiment},
    author={Stol, Klaas-Jan and Avgeriou, Paris and Ali Babar, Muhammad},
    pages={147-163},
    language={English}
}
@incollection{pbar,
    year={2013},
    isbn={978-3-642-38675-6},
    booktitle={Transactions on Pattern Languages of Programming III},
    volume={7840},
    series={Lecture Notes in Computer Science},
    editor={Noble, James and Johnson, Ralph and Zdun, Uwe and Wallingford, Eugene},
    doi={10.1007/978-3-642-38676-3_5},
    title={Using Pattern-Based Architecture Reviews to Detect Quality Attribute Issues - An Exploratory Study},
    url={http://dx.doi.org/10.1007/978-3-642-38676-3_5},
    publisher={Springer Berlin Heidelberg},
    keywords={Software Architecture Patterns; Architecture Reviews; Quality Attributes},
    author={Harrison, NeilB. and Avgeriou, Paris},
    pages={168-194},
    language={English}
}
@misc{dockermain,
    author = {Docker},
    title = {Docker - Build,Ship, and Run Any App, Anywhere},
    howpublished = "\url{https://www.docker.com/}",
    year = {2015}, 
    note = "[Online; accessed 13-December-2015]"
}
@misc{dockerarchi,
    author = {Docker},
    title = {Docker - Understanding the architecture},
    howpublished = "\url{https://docs.docker.com/engine/introduction/understanding-docker/}",
    year = {2015}, 
    note = "[Online; accessed 30th December 2015]"
}
@misc{dockerimage,
    author = {Docker},
    title = {Docker - Understand images, containers, and storage drivers},
    howpublished = "\url{https://docs.docker.com/engine/userguide/storagedriver/imagesandcontainers/}",
    year = {2015}, 
    note = "[Online; accessed 10th January 2016]"
}
@article{avgeriou2005architectural,
    title={Architectural patterns revisited -- a pattern language},
    author={Avgeriou, Paris and Zdun, Uwe},
    year={2005}
}
@misc{whatisdocker,
    author = {Docker},
    title = {What is Docker?},
    howpublished = "\url{https://www.docker.com/what-docker}",
    year = {2016},
    note = "[Online; accessed 3-January-2016]"
}
@book{eaa,
    author = {Fowler, Martin},
    title = {Patterns of Enterprise Application Architecture},
    year = {2002},
    isbn = {0321127420},
    publisher = {Addison-Wesley Longman Publishing Co., Inc.},
    address = {Boston, MA, USA},
}
@misc{dockerplugindocs,
    author = {Docker},
    title = {Docker - Understand Docker plugins},
    howpublished = "\url{https://docs.docker.com/engine/extend/plugins/}",
    year = {2015}, 
    note = "[Online; accessed 3rd January 2015]"
}
@misc{dockerpluginblog,
    author = {Adam Herzog},
    title = {Extending Docker with Plugins},
    howpublished = "\url{https://blog.docker.com/2015/06/extending-docker-with-plugins/}",
    year = {2015}, 
    note = "[Online; accessed 3rd January 2015]"
}
@inproceedings{VirtualizationTechnologies,
    title={A comparison of virtualization technologies for HPC},
    author={Walters, John Paul and Chaudhary, Vipin and Cha, Minsuk and Guercio Jr, Salvatore and Gallo, Steve},
    booktitle={Advanced Information Networking and Applications, 2008. AINA 2008. 22nd International Conference on},
    pages={861--868},
    year={2008},
    organization={IEEE}
}
@misc{whoaredockerdevs,
    author = {Chris Dawson},
    title = {Who Are the Docker Developers?},
    howpublished = "\url{http://thenewstack.io/who-are-the-docker-developers/}",
    year = {2014}, 
    note = "[Online; accessed 9th January 2015]"
}
@book{wiley4,
    author = {F Buschmann, K Henney and D.C. Schmidt},
    title = {Pattern-oriented Software Architecture - Volume 4},
    year = {2007},
    publisher = {John Wiley \& Sons, Ltd},
    isbn = {9780470059029},
}

#######################################
# RUG
#######################################
@MastersThesis{benchmarker,
    author     =     {Menninga, W.G.},
    title     =     {{Benchmarking Tool for the Cloud}},
    school     =     {University of Groningen},
    url = {\url{http://irs.ub.rug.nl/dbi/55a36e00c8cf2}},
    type = {{Bachelor Thesis}},
    year     =     {2015},
}
@ARTICLE{usingpatternscapture,
    author={Harrison, N. and Avgeriou, P. and Zdun, U.},
    journal={Software, IEEE},
    title={Using Patterns to Capture Architectural Decisions},
    year={2007},
    volume={24},
    number={4},
    pages={38-45},
    keywords={object-oriented programming;software architecture;architectural decisions;document decisions;software design process;system-wide implications;Communication system software;Computer architecture;Decision making;Documentation;Educational institutions;Process design;Software architecture;Software design;Software systems;Software tools;architectural knowledge;decision documentation;design rationale;patterns;quality attributes;software architecture},
    doi={10.1109/MS.2007.124},
    ISSN={0740-7459},
    month={July},}
